<?xml version="1.0" encoding="UTF-8"?><collection xmlns="http://www.loc.gov/MARC21/slim"><record><leader>00431nam--2200133-i-4500</leader><controlfield tag="001">000049179</controlfield><controlfield tag="002">20161230</controlfield><controlfield tag="005">20161230201047</controlfield><controlfield tag="008">060222s1000------------r-----000-0-eng-d</controlfield><datafield ind1=" " ind2=" " tag="080"><subfield code="a">65.01</subfield></datafield><datafield ind1=" " ind2=" " tag="100"><subfield code="a">Parsegian, V.Lawrence</subfield></datafield><datafield ind1=" " ind2=" " tag="245"><subfield code="a">Industrial management in the atomic age. patterns, restraints, opportunities, and trends in government-sponsored technology</subfield></datafield><datafield ind1=" " ind2=" " tag="260"><subfield code="a">Reading/Mass., Addison-wesley, 1965, X+374p</subfield></datafield><datafield ind1=" " ind2=" " tag="852"><subfield code="a">27696</subfield></datafield></record></collection>